@book{Auro2018,
  author = {Valerie Aurora and Mary Gardiner},
  title = {How to Respond to Code of Conduct Reports},
  publisher = {Frame Shift Consulting},
  year = {2018},
  link = {https://frameshiftconsulting.com/code-of-conduct-book/},
  note = {A practical step-by-step guide to handling code of conduct issues.}
}

@book{Davi2018,
  author = {Ashley Davis},
  title = {Data Wrangling with JavaScript},
  publisher = {Manning},
  year = {2018},
  isbn = {978-1617294846},
  link = {https://www.manning.com/books/data-wrangling-with-javascript},
  note = {A step-by-step guide to managing data with JavaScript.}
}

@book{Foge2005,
  author = {Karl Fogel},
  title = {Producing Open Source Software: How to Run a Successful Free Software Project},
  year = {2005},
  publisher = {O'Reilly Media},
  isbn = {0596007590},
  link = {http://producingoss.com/},
  note = {The definite guide to managing open source software development projects.}
}

@article{Free1972,
  author = {Jo Freeman},
  title = {The Tyranny of Structurelessness},
  journal = {The Second Wave},
  volume = {2},
  number = {1},
  year = {1972},
  local = {freeman-1972-tyranny-structurelessness.pdf},
  link = {https://www.jofreeman.com/joreen/tyranny.htm},
  note = {Points out that every organization has a power structure: the only question is whether it's accountable or not.}
}

@book{Have2018,
  author = {Martijn Haverbeke},
  title = {Eloquent Javascript},
  edition = {3rd},
  publisher = {No Starch Press},
  year = {2018},
  isbn = {978-1593279509},
  link = {https://eloquentjavascript.net/},
  note = {A widely-used programmer-oriented guide to modern JavaScript.}
}

@book{Lind2008,
  author = {Van Lindberg},
  title = {Intellectual Property and Open Source: A Practical Guide to Protecting Code},
  publisher = {O'Reilly Media},
  isbn = {978-0596517960},
  year = {2008},
  note = {A thorough dive into intellectual property issues related to open source software}
}

@book{Meek2017,
  author = {Elijah Meeks},
  title = {D3.js in Action},
  edition = {2nd},
  publisher = {Manning},
  year = {2017},
  isbn = {978-1617294488},
  link = {https://www.manning.com/books/d3js-in-action-second-edition},
  note = {A comprehensive guide to the D3 visualization framework.}
}

@article{Mina1986,
  author = {Anne Minahan},
  title = {Martha's Rules},
  journal = {Affilia},
  volume = {1},
  number = {2},
  pages = {53--56},
  month = {6},
  year = {1986},
  publisher = {{SAGE} Publications},
  doi = {10.1177/088610998600100206}
}

@article{Mori2012,
  author = {Andrew Morin and Jennifer Urban and Piotr Sliz},
  journal = {{PLoS} Computational Biology},
  publisher = {Public Library of Science ({PLoS})},
  title = {A Quick Guide to Software Licensing for the Scientist-Programmer},
  year = {2012},
  month = {7},
  volume = {8},
  number = {7},
  link = {https://doi.org/10.1371/journal.pcbi.1002598},
  doi = {10.1371/journal.pcbi.1002598},
  note = {A short introduction to software licensing for non-specialists.}
}

@article{Wick2014,
  author = {Hadley Wickham},
  title = {Tidy Data},
  journal = {Journal of Statistical Software},
  volume = {59},
  number = {10},
  year = {2014},
  publisher = {Foundation for Open Access Statistics},
  doi = {10.18637/jss.v059.i10},
  link = {https://doi.org/10.18637/jss.v059.i10},
  note = {The defining paper on tidy data.}
}

@book{Wils2018,
  author = {Greg Wilson},
  title = {Teaching Tech Together},
  publisher = {Lulu.com},
  year = {2018},
  isbn = {978-0988113701},
  link = {http://teachtogether.tech},
  note = {How to create and deliver lessons that work and build a teaching community around them.}
}
